%YAML 1.1
%TAG !u! tag:unity3d.com,2011:
--- !u!1 &7097910812524950967
GameObject:
  m_ObjectHideFlags: 0
  m_CorrespondingSourceObject: {fileID: 0}
  m_PrefabInstance: {fileID: 0}
  m_PrefabAsset: {fileID: 0}
  serializedVersion: 6
  m_Component:
  - component: {fileID: 7097910812524950966}
  - component: {fileID: 7097910812524950960}
  - component: {fileID: 7097910812524950961}
  m_Layer: 0
  m_Name: BaseTop
  m_TagString: Untagged
  m_Icon: {fileID: 0}
  m_NavMeshLayer: 0
  m_StaticEditorFlags: 0
  m_IsActive: 1
--- !u!4 &7097910812524950966
Transform:
  m_ObjectHideFlags: 0
  m_CorrespondingSourceObject: {fileID: 0}
  m_PrefabInstance: {fileID: 0}
  m_PrefabAsset: {fileID: 0}
  m_GameObject: {fileID: 7097910812524950967}
  m_LocalRotation: {x: -0, y: -0, z: -0, w: 1}
  m_LocalPosition: {x: 0, y: 0.25, z: 0}
  m_LocalScale: {x: 0.75, y: 0.05, z: 0.75}
  m_Children: []
  m_Father: {fileID: 7097910813753005379}
  m_RootOrder: 1
  m_LocalEulerAnglesHint: {x: 0, y: 0, z: 0}
--- !u!33 &7097910812524950960
MeshFilter:
  m_ObjectHideFlags: 0
  m_CorrespondingSourceObject: {fileID: 0}
  m_PrefabInstance: {fileID: 0}
  m_PrefabAsset: {fileID: 0}
  m_GameObject: {fileID: 7097910812524950967}
  m_Mesh: {fileID: 10206, guid: 0000000000000000e000000000000000, type: 0}
--- !u!23 &7097910812524950961
MeshRenderer:
  m_ObjectHideFlags: 0
  m_CorrespondingSourceObject: {fileID: 0}
  m_PrefabInstance: {fileID: 0}
  m_PrefabAsset: {fileID: 0}
  m_GameObject: {fileID: 7097910812524950967}
  m_Enabled: 1
  m_CastShadows: 1
  m_ReceiveShadows: 1
  m_DynamicOccludee: 1
  m_MotionVectors: 1
  m_LightProbeUsage: 1
  m_ReflectionProbeUsage: 1
  m_RenderingLayerMask: 1
  m_RendererPriority: 0
  m_Materials:
  - {fileID: 2100000, guid: ef3e7fa3ba3276c44bab04929b6f9b9d, type: 2}
  m_StaticBatchInfo:
    firstSubMesh: 0
    subMeshCount: 0
  m_StaticBatchRoot: {fileID: 0}
  m_ProbeAnchor: {fileID: 0}
  m_LightProbeVolumeOverride: {fileID: 0}
  m_ScaleInLightmap: 1
  m_PreserveUVs: 0
  m_IgnoreNormalsForChartDetection: 0
  m_ImportantGI: 0
  m_StitchLightmapSeams: 0
  m_SelectedEditorRenderState: 3
  m_MinimumChartSize: 4
  m_AutoUVMaxDistance: 0.5
  m_AutoUVMaxAngle: 89
  m_LightmapParameters: {fileID: 0}
  m_SortingLayerID: 0
  m_SortingLayer: 0
  m_SortingOrder: 0
--- !u!1 &7097910813391109856
GameObject:
  m_ObjectHideFlags: 0
  m_CorrespondingSourceObject: {fileID: 0}
  m_PrefabInstance: {fileID: 0}
  m_PrefabAsset: {fileID: 0}
  serializedVersion: 6
  m_Component:
  - component: {fileID: 7097910813391109884}
  - component: {fileID: 7097910813391109858}
  m_Layer: 0
  m_Name: Player
  m_TagString: Untagged
  m_Icon: {fileID: 0}
  m_NavMeshLayer: 0
  m_StaticEditorFlags: 0
  m_IsActive: 1
--- !u!4 &7097910813391109884
Transform:
  m_ObjectHideFlags: 0
  m_CorrespondingSourceObject: {fileID: 0}
  m_PrefabInstance: {fileID: 0}
  m_PrefabAsset: {fileID: 0}
  m_GameObject: {fileID: 7097910813391109856}
  m_LocalRotation: {x: 0, y: 0, z: 0, w: 1}
  m_LocalPosition: {x: 0, y: 0, z: 0}
  m_LocalScale: {x: 1, y: 1, z: 1}
  m_Children:
  - {fileID: 7097910813753005379}
  - {fileID: 7097910813669188086}
  m_Father: {fileID: 0}
  m_RootOrder: 0
  m_LocalEulerAnglesHint: {x: 0, y: 0, z: 0}
--- !u!114 &7097910813391109858
MonoBehaviour:
  m_ObjectHideFlags: 0
  m_CorrespondingSourceObject: {fileID: 0}
  m_PrefabInstance: {fileID: 0}
  m_PrefabAsset: {fileID: 0}
  m_GameObject: {fileID: 7097910813391109856}
  m_Enabled: 1
  m_EditorHideFlags: 0
  m_Script: {fileID: 11500000, guid: b47e71f00b2f92c44b24f85703503601, type: 3}
  m_Name: 
  m_EditorClassIdentifier: 
  weaponPivot: {fileID: 7097910813669188086}
  availableWeapons:
  - {fileID: 2801120277295190750}
  - {fileID: 5446605331767433261}
  - {fileID: 7258999771021135594}
  currentWeapon: {fileID: 2801120277295190750}
  turnSpeed: 9
--- !u!1 &7097910813669188087
GameObject:
  m_ObjectHideFlags: 0
  m_CorrespondingSourceObject: {fileID: 0}
  m_PrefabInstance: {fileID: 0}
  m_PrefabAsset: {fileID: 0}
  serializedVersion: 6
  m_Component:
  - component: {fileID: 7097910813669188086}
  m_Layer: 0
  m_Name: WeaponPivot
  m_TagString: Untagged
  m_Icon: {fileID: 0}
  m_NavMeshLayer: 0
  m_StaticEditorFlags: 0
  m_IsActive: 1
--- !u!4 &7097910813669188086
Transform:
  m_ObjectHideFlags: 0
  m_CorrespondingSourceObject: {fileID: 0}
  m_PrefabInstance: {fileID: 0}
  m_PrefabAsset: {fileID: 0}
  m_GameObject: {fileID: 7097910813669188087}
  m_LocalRotation: {x: -0, y: -0, z: -0, w: 1}
  m_LocalPosition: {x: 0, y: 0.5, z: 0}
  m_LocalScale: {x: 1, y: 1, z: 1}
  m_Children:
  - {fileID: 7097910812428002872}
  - {fileID: 2998845644850578251}
  - {fileID: 2369572485221153292}
  m_Father: {fileID: 7097910813391109884}
  m_RootOrder: 1
  m_LocalEulerAnglesHint: {x: 0, y: 0, z: 0}
--- !u!1 &7097910813753005376
GameObject:
  m_ObjectHideFlags: 0
  m_CorrespondingSourceObject: {fileID: 0}
  m_PrefabInstance: {fileID: 0}
  m_PrefabAsset: {fileID: 0}
  serializedVersion: 6
  m_Component:
  - component: {fileID: 7097910813753005379}
  m_Layer: 0
  m_Name: BaseModel
  m_TagString: Untagged
  m_Icon: {fileID: 0}
  m_NavMeshLayer: 0
  m_StaticEditorFlags: 0
  m_IsActive: 1
--- !u!4 &7097910813753005379
Transform:
  m_ObjectHideFlags: 0
  m_CorrespondingSourceObject: {fileID: 0}
  m_PrefabInstance: {fileID: 0}
  m_PrefabAsset: {fileID: 0}
  m_GameObject: {fileID: 7097910813753005376}
  m_LocalRotation: {x: 0, y: 0, z: 0, w: 1}
  m_LocalPosition: {x: 0, y: 0, z: 0}
  m_LocalScale: {x: 1, y: 1, z: 1}
  m_Children:
  - {fileID: 7097910813771359454}
  - {fileID: 7097910812524950966}
  m_Father: {fileID: 7097910813391109884}
  m_RootOrder: 0
  m_LocalEulerAnglesHint: {x: 0, y: 0, z: 0}
--- !u!1 &7097910813771359455
GameObject:
  m_ObjectHideFlags: 0
  m_CorrespondingSourceObject: {fileID: 0}
  m_PrefabInstance: {fileID: 0}
  m_PrefabAsset: {fileID: 0}
  serializedVersion: 6
  m_Component:
  - component: {fileID: 7097910813771359454}
  - component: {fileID: 7097910813771359448}
  - component: {fileID: 7097910813771359449}
  m_Layer: 0
  m_Name: Base
  m_TagString: Untagged
  m_Icon: {fileID: 0}
  m_NavMeshLayer: 0
  m_StaticEditorFlags: 0
  m_IsActive: 1
--- !u!4 &7097910813771359454
Transform:
  m_ObjectHideFlags: 0
  m_CorrespondingSourceObject: {fileID: 0}
  m_PrefabInstance: {fileID: 0}
  m_PrefabAsset: {fileID: 0}
  m_GameObject: {fileID: 7097910813771359455}
  m_LocalRotation: {x: -0, y: -0, z: -0, w: 1}
  m_LocalPosition: {x: 0, y: 0.1, z: 0}
  m_LocalScale: {x: 1, y: 0.1, z: 1}
  m_Children: []
  m_Father: {fileID: 7097910813753005379}
  m_RootOrder: 0
  m_LocalEulerAnglesHint: {x: 0, y: 0, z: 0}
--- !u!33 &7097910813771359448
MeshFilter:
  m_ObjectHideFlags: 0
  m_CorrespondingSourceObject: {fileID: 0}
  m_PrefabInstance: {fileID: 0}
  m_PrefabAsset: {fileID: 0}
  m_GameObject: {fileID: 7097910813771359455}
  m_Mesh: {fileID: 10206, guid: 0000000000000000e000000000000000, type: 0}
--- !u!23 &7097910813771359449
MeshRenderer:
  m_ObjectHideFlags: 0
  m_CorrespondingSourceObject: {fileID: 0}
  m_PrefabInstance: {fileID: 0}
  m_PrefabAsset: {fileID: 0}
  m_GameObject: {fileID: 7097910813771359455}
  m_Enabled: 1
  m_CastShadows: 1
  m_ReceiveShadows: 1
  m_DynamicOccludee: 1
  m_MotionVectors: 1
  m_LightProbeUsage: 1
  m_ReflectionProbeUsage: 1
  m_RenderingLayerMask: 1
  m_RendererPriority: 0
  m_Materials:
  - {fileID: 2100000, guid: 97999472b3cc5b240857488b177f89e8, type: 2}
  m_StaticBatchInfo:
    firstSubMesh: 0
    subMeshCount: 0
  m_StaticBatchRoot: {fileID: 0}
  m_ProbeAnchor: {fileID: 0}
  m_LightProbeVolumeOverride: {fileID: 0}
  m_ScaleInLightmap: 1
  m_PreserveUVs: 0
  m_IgnoreNormalsForChartDetection: 0
  m_ImportantGI: 0
  m_StitchLightmapSeams: 0
  m_SelectedEditorRenderState: 3
  m_MinimumChartSize: 4
  m_AutoUVMaxDistance: 0.5
  m_AutoUVMaxAngle: 89
  m_LightmapParameters: {fileID: 0}
  m_SortingLayerID: 0
  m_SortingLayer: 0
  m_SortingOrder: 0
--- !u!1001 &2998845645493245773
PrefabInstance:
  m_ObjectHideFlags: 0
  serializedVersion: 2
  m_Modification:
    m_TransformParent: {fileID: 7097910813669188086}
    m_Modifications:
    - target: {fileID: 5412995244343357812, guid: 194cece239f7c88449e3f4a30714cda5,
        type: 3}
      propertyPath: m_Name
      value: DefaultWeapon
      objectReference: {fileID: 0}
    - target: {fileID: 5412995244343357813, guid: 194cece239f7c88449e3f4a30714cda5,
        type: 3}
      propertyPath: m_LocalPosition.x
      value: 0
      objectReference: {fileID: 0}
    - target: {fileID: 5412995244343357813, guid: 194cece239f7c88449e3f4a30714cda5,
        type: 3}
      propertyPath: m_LocalPosition.y
      value: 0
      objectReference: {fileID: 0}
    - target: {fileID: 5412995244343357813, guid: 194cece239f7c88449e3f4a30714cda5,
        type: 3}
      propertyPath: m_LocalPosition.z
      value: 0
      objectReference: {fileID: 0}
    - target: {fileID: 5412995244343357813, guid: 194cece239f7c88449e3f4a30714cda5,
        type: 3}
      propertyPath: m_LocalRotation.x
      value: 0
      objectReference: {fileID: 0}
    - target: {fileID: 5412995244343357813, guid: 194cece239f7c88449e3f4a30714cda5,
        type: 3}
      propertyPath: m_LocalRotation.y
      value: 0
      objectReference: {fileID: 0}
    - target: {fileID: 5412995244343357813, guid: 194cece239f7c88449e3f4a30714cda5,
        type: 3}
      propertyPath: m_LocalRotation.z
      value: 0
      objectReference: {fileID: 0}
    - target: {fileID: 5412995244343357813, guid: 194cece239f7c88449e3f4a30714cda5,
        type: 3}
      propertyPath: m_LocalRotation.w
      value: 1
      objectReference: {fileID: 0}
    - target: {fileID: 5412995244343357813, guid: 194cece239f7c88449e3f4a30714cda5,
        type: 3}
      propertyPath: m_RootOrder
      value: 0
      objectReference: {fileID: 0}
    - target: {fileID: 5412995244343357813, guid: 194cece239f7c88449e3f4a30714cda5,
        type: 3}
      propertyPath: m_LocalEulerAnglesHint.x
      value: 0
      objectReference: {fileID: 0}
    - target: {fileID: 5412995244343357813, guid: 194cece239f7c88449e3f4a30714cda5,
        type: 3}
      propertyPath: m_LocalEulerAnglesHint.y
      value: 0
      objectReference: {fileID: 0}
    - target: {fileID: 5412995244343357813, guid: 194cece239f7c88449e3f4a30714cda5,
        type: 3}
      propertyPath: m_LocalEulerAnglesHint.z
      value: 0
      objectReference: {fileID: 0}
    m_RemovedComponents: []
  m_SourcePrefab: {fileID: 100100000, guid: 194cece239f7c88449e3f4a30714cda5, type: 3}
--- !u!4 &7097910812428002872 stripped
Transform:
  m_CorrespondingSourceObject: {fileID: 5412995244343357813, guid: 194cece239f7c88449e3f4a30714cda5,
    type: 3}
  m_PrefabInstance: {fileID: 2998845645493245773}
  m_PrefabAsset: {fileID: 0}
--- !u!114 &2801120277295190750 stripped
MonoBehaviour:
  m_CorrespondingSourceObject: {fileID: 1099333733561451923, guid: 194cece239f7c88449e3f4a30714cda5,
    type: 3}
  m_PrefabInstance: {fileID: 2998845645493245773}
  m_PrefabAsset: {fileID: 0}
  m_GameObject: {fileID: 0}
  m_Enabled: 1
  m_EditorHideFlags: 0
  m_Script: {fileID: 11500000, guid: 1f116082ae0ce11408634b2c48494cbb, type: 3}
  m_Name: 
  m_EditorClassIdentifier: 
--- !u!1001 &7097910813808996926
PrefabInstance:
  m_ObjectHideFlags: 0
  serializedVersion: 2
  m_Modification:
    m_TransformParent: {fileID: 7097910813669188086}
    m_Modifications:
    - target: {fileID: 5412995244343357812, guid: 75415a2a89010974c8efaaf4a337fb89,
        type: 3}
      propertyPath: m_Name
      value: LaserWeapon 1
      objectReference: {fileID: 0}
    - target: {fileID: 5412995244343357813, guid: 75415a2a89010974c8efaaf4a337fb89,
        type: 3}
      propertyPath: m_LocalPosition.x
      value: 0
      objectReference: {fileID: 0}
    - target: {fileID: 5412995244343357813, guid: 75415a2a89010974c8efaaf4a337fb89,
        type: 3}
      propertyPath: m_LocalPosition.y
      value: 0
      objectReference: {fileID: 0}
    - target: {fileID: 5412995244343357813, guid: 75415a2a89010974c8efaaf4a337fb89,
        type: 3}
      propertyPath: m_LocalPosition.z
      value: 0
      objectReference: {fileID: 0}
    - target: {fileID: 5412995244343357813, guid: 75415a2a89010974c8efaaf4a337fb89,
        type: 3}
      propertyPath: m_LocalRotation.x
      value: 0
      objectReference: {fileID: 0}
    - target: {fileID: 5412995244343357813, guid: 75415a2a89010974c8efaaf4a337fb89,
        type: 3}
      propertyPath: m_LocalRotation.y
      value: 0
      objectReference: {fileID: 0}
    - target: {fileID: 5412995244343357813, guid: 75415a2a89010974c8efaaf4a337fb89,
        type: 3}
      propertyPath: m_LocalRotation.z
      value: 0
      objectReference: {fileID: 0}
    - target: {fileID: 5412995244343357813, guid: 75415a2a89010974c8efaaf4a337fb89,
        type: 3}
      propertyPath: m_LocalRotation.w
      value: 1
      objectReference: {fileID: 0}
    - target: {fileID: 5412995244343357813, guid: 75415a2a89010974c8efaaf4a337fb89,
        type: 3}
      propertyPath: m_RootOrder
      value: 1
      objectReference: {fileID: 0}
    - target: {fileID: 5412995244343357813, guid: 75415a2a89010974c8efaaf4a337fb89,
        type: 3}
      propertyPath: m_LocalEulerAnglesHint.x
      value: 0
      objectReference: {fileID: 0}
    - target: {fileID: 5412995244343357813, guid: 75415a2a89010974c8efaaf4a337fb89,
        type: 3}
      propertyPath: m_LocalEulerAnglesHint.y
      value: 0
      objectReference: {fileID: 0}
    - target: {fileID: 5412995244343357813, guid: 75415a2a89010974c8efaaf4a337fb89,
        type: 3}
      propertyPath: m_LocalEulerAnglesHint.z
      value: 0
      objectReference: {fileID: 0}
    m_RemovedComponents: []
  m_SourcePrefab: {fileID: 100100000, guid: 75415a2a89010974c8efaaf4a337fb89, type: 3}
--- !u!4 &2998845644850578251 stripped
Transform:
  m_CorrespondingSourceObject: {fileID: 5412995244343357813, guid: 75415a2a89010974c8efaaf4a337fb89,
    type: 3}
  m_PrefabInstance: {fileID: 7097910813808996926}
  m_PrefabAsset: {fileID: 0}
--- !u!114 &5446605331767433261 stripped
MonoBehaviour:
  m_CorrespondingSourceObject: {fileID: 2960803353375943187, guid: 75415a2a89010974c8efaaf4a337fb89,
    type: 3}
  m_PrefabInstance: {fileID: 7097910813808996926}
  m_PrefabAsset: {fileID: 0}
  m_GameObject: {fileID: 0}
  m_Enabled: 1
  m_EditorHideFlags: 0
  m_Script: {fileID: 11500000, guid: 6c63dc794e7626e498ed916630543ce7, type: 3}
  m_Name: 
  m_EditorClassIdentifier: 
--- !u!1001 &8752915511439020850
PrefabInstance:
  m_ObjectHideFlags: 0
  serializedVersion: 2
  m_Modification:
    m_TransformParent: {fileID: 7097910813669188086}
    m_Modifications:
    - target: {fileID: 6456741118577027391, guid: e4d4c172cbc9ff044aa0e3bc5018783c,
        type: 3}
      propertyPath: m_Name
      value: SpreadWeapon
      objectReference: {fileID: 0}
    - target: {fileID: 6456741118577027390, guid: e4d4c172cbc9ff044aa0e3bc5018783c,
        type: 3}
      propertyPath: m_LocalPosition.x
      value: 0
      objectReference: {fileID: 0}
    - target: {fileID: 6456741118577027390, guid: e4d4c172cbc9ff044aa0e3bc5018783c,
        type: 3}
      propertyPath: m_LocalPosition.y
      value: 0
      objectReference: {fileID: 0}
    - target: {fileID: 6456741118577027390, guid: e4d4c172cbc9ff044aa0e3bc5018783c,
        type: 3}
      propertyPath: m_LocalPosition.z
      value: 0
      objectReference: {fileID: 0}
    - target: {fileID: 6456741118577027390, guid: e4d4c172cbc9ff044aa0e3bc5018783c,
        type: 3}
      propertyPath: m_LocalRotation.x
      value: -0
      objectReference: {fileID: 0}
    - target: {fileID: 6456741118577027390, guid: e4d4c172cbc9ff044aa0e3bc5018783c,
        type: 3}
      propertyPath: m_LocalRotation.y
      value: -0
      objectReference: {fileID: 0}
    - target: {fileID: 6456741118577027390, guid: e4d4c172cbc9ff044aa0e3bc5018783c,
        type: 3}
      propertyPath: m_LocalRotation.z
      value: -0
      objectReference: {fileID: 0}
    - target: {fileID: 6456741118577027390, guid: e4d4c172cbc9ff044aa0e3bc5018783c,
        type: 3}
      propertyPath: m_LocalRotation.w
      value: 1
      objectReference: {fileID: 0}
    - target: {fileID: 6456741118577027390, guid: e4d4c172cbc9ff044aa0e3bc5018783c,
        type: 3}
      propertyPath: m_RootOrder
      value: 2
      objectReference: {fileID: 0}
    - target: {fileID: 6456741118577027390, guid: e4d4c172cbc9ff044aa0e3bc5018783c,
        type: 3}
      propertyPath: m_LocalEulerAnglesHint.x
      value: 0
      objectReference: {fileID: 0}
    - target: {fileID: 6456741118577027390, guid: e4d4c172cbc9ff044aa0e3bc5018783c,
        type: 3}
      propertyPath: m_LocalEulerAnglesHint.y
      value: 0
      objectReference: {fileID: 0}
    - target: {fileID: 6456741118577027390, guid: e4d4c172cbc9ff044aa0e3bc5018783c,
        type: 3}
      propertyPath: m_LocalEulerAnglesHint.z
      value: 0
      objectReference: {fileID: 0}
    m_RemovedComponents: []
  m_SourcePrefab: {fileID: 100100000, guid: e4d4c172cbc9ff044aa0e3bc5018783c, type: 3}
--- !u!4 &2369572485221153292 stripped
Transform:
  m_CorrespondingSourceObject: {fileID: 6456741118577027390, guid: e4d4c172cbc9ff044aa0e3bc5018783c,
    type: 3}
  m_PrefabInstance: {fileID: 8752915511439020850}
  m_PrefabAsset: {fileID: 0}
--- !u!114 &7258999771021135594 stripped
MonoBehaviour:
  m_CorrespondingSourceObject: {fileID: 2145331476798840280, guid: e4d4c172cbc9ff044aa0e3bc5018783c,
    type: 3}
  m_PrefabInstance: {fileID: 8752915511439020850}
  m_PrefabAsset: {fileID: 0}
  m_GameObject: {fileID: 0}
  m_Enabled: 1
  m_EditorHideFlags: 0
  m_Script: {fileID: 11500000, guid: 1f116082ae0ce11408634b2c48494cbb, type: 3}
  m_Name: 
  m_EditorClassIdentifier: 
